
@article{libMeshPaper,
         author = {B.~S.~Kirk and J.~W.~Peterson and R.~H.~Stogner and G.~F.~Carey},
         title = {{\texttt{libMesh}: A C++ Library for Parallel Adaptive Mesh
                  Refinement/Coarsening Simulations}},
         journal = {Engineering with Computers},
         volume = {22},
         number = {3--4},
         pages = {237--254},
         year = {2006},
         note = {\url{http://dx.doi.org/10.1007/s00366-006-0049-3}}
}

@article{GRINSPaper,
         author = {P.~T.~Bauman and R.~H.~Stogner},
         title = {GRINS: A Multiphysics Framework Based on the libMesh Finite Element Library},
         note = {submitted, \url{http://arxiv.org/abs/1506.06102}}
}

@article {JGRE:JGRE1660,
author = {Toigo, Anthony D. and Richardson, Mark I. and Ewald, Shawn P. and Gierasch, Peter J.},
title = {Numerical simulation of Martian dust devils},
journal = {Journal of Geophysical Research: Planets},
volume = {108},
number = {E6},
issn = {2156-2202},
url = {http://dx.doi.org/10.1029/2002JE002002},
doi = {10.1029/2002JE002002},
pages = {n/a--n/a},
keywords = {Meteorology and Atmospheric Dynamics: Boundary layer processes, Meteorology and Atmospheric Dynamics: Convective processes, Meteorology and Atmospheric Dynamics: Mesoscale meteorology, Meteorology and Atmospheric Dynamics: Numerical modeling and data assimilation, Planetology: Solid Surface Planets: Meteorology, Dust devil, atmospheric boundary layer, large eddy simulation, Mars},
year = {2003},
note = {5047},
}

@article {JGR:JGR13978,
author = {Ryan, J. A. and Carroll, J. J.},
title = {Dust devil wind velocities: Mature state},
journal = {Journal of Geophysical Research},
volume = {75},
number = {3},
issn = {2156-2202},
url = {http://dx.doi.org/10.1029/JC075i003p00531},
doi = {10.1029/JC075i003p00531},
pages = {531--541},
keywords = {Meteorology: Convection, turbulence, and diffusion, Meteorology: Convection},
year = {1970},
}

@Article{Bluestein2004,
author={Bluestein, Howard B.
and Weiss, Christopher C.
and Pazmany, Andrew L.},
title={Doppler Radar Observations of Dust Devils in Texas},
journal={Monthly Weather Review},
year={2004},
month={Jan},
day={01},
publisher={American Meteorological Society},
volume={132},
number={1},
pages={209-224},
issn={0027-0644},
doi={10.1175/1520-0493(2004)132<0209:DROODD>2.0.CO;2},
url={http://dx.doi.org/10.1175/1520-0493(2004)132<0209:DROODD>2.0.CO;2}
}

@Article{Sinclair1969,
author={Sinclair, Peter C.},
title={General Characteristics of Dust Devils},
journal={Journal of Applied Meteorology},
year={1969},
month={Feb},
day={01},
publisher={American Meteorological Society},
volume={8},
number={1},
pages={32-45},
issn={0021-8952},
doi={10.1175/1520-0450(1969)008<0032:GCODD>2.0.CO;2},
url={http://dx.doi.org/10.1175/1520-0450(1969)008<0032:GCODD>2.0.CO;2}
}

@article {ROG:ROG1635,
author = {Balme, Matt and Greeley, Ronald},
title = {Dust devils on Earth and Mars},
journal = {Reviews of Geophysics},
volume = {44},
number = {3},
issn = {1944-9208},
url = {http://dx.doi.org/10.1029/2005RG000188},
doi = {10.1029/2005RG000188},
pages = {n/a--n/a},
keywords = {dust, Mars, dust devils, Aeolian},
year = {2006},
}