@article{franca1992stabilized,
  title={Stabilized finite element methods: I. Application to the advective-diffusive model},
  author={Franca, Leopoldo P and Frey, Sergio L and Hughes, Thomas JR},
  journal={Computer Methods in Applied Mechanics and Engineering},
  volume={95},
  number={2},
  pages={253--276},
  year={1992},
  publisher={North-Holland}
}

@article{Becker2002428,
title = "Solution of a stationary benchmark problem for natural convection with large temperature difference ",
journal = "International Journal of Thermal Sciences ",
volume = "41",
number = "5",
pages = "428 - 439",
year = "2002",
note = "",
issn = "1290-0729",
doi = "http://dx.doi.org/10.1016/S1290-0729(02)01335-2",
url = "http://www.sciencedirect.com/science/article/pii/S1290072902013352",
author = "Roland Becker and Malte Braack",
keywords = "Natural convection",
keywords = "Finite elements",
keywords = "Adaptivity",
keywords = "A posteriori error estimates "
}



@Misc{arpa-e,
  author = {{Georgia Tech Research Corporation}},
  title  = {{POWER GENERATION USING SOLAR-HEATED GROUND AIR},
  year  = {2013},
  howpublished = {\url{http://arpa-e.energy.gov/?q=arpa-e-projects/power-generation-using-solar-heated-ground-air}}
}}

@inproceedings{mic, 
title={Early Experiences Porting Scientific Applications to the {M}any {I}ntegrated {C}ore ({MIC}) Platform}, 
author={Karl W. Schulz and Rhys Ulerich and Nicholas Malaya and Paul T. Bauman and Roy Stogner and Chris Simmons},
booktitle={{TACC-Intel Highly Parallel Computing Symposium}},
address={{Austin, Texas}},
month={{A}pril},
year={2012},
url={http://www.tacc.utexas.edu/documents/13601/aa8e98bc-3544-4136-81aa-3920ae882a65},
}

@Misc{vexcl,
  author = {{Denis Demidov}},
  title  = {{VexCL},
  year  = {2013},
  howpublished = {\url{https://github.com/ddemidov/vexcl}}
}}

@Misc{petsc-web-page,
author = {Satish Balay and Mark~F. Adams and Jed Brown and Peter Brune
and Kris Buschelman and Victor Eijkhout and William~D. Gropp
                      and Dinesh Kaushik and Matthew~G. Knepley
                      and Lois Curfman McInnes and Karl Rupp and Barry~F. Smith
                      and Hong Zhang},
            title =  {{PETS}c {W}eb page},
            url =    {http://www.mcs.anl.gov/petsc},
            howpublished = {\url{http://www.mcs.anl.gov/petsc}},
            year = {2014}
          }

          @TechReport{petsc-user-ref,
            author = {Satish Balay and Mark~F. Adams and Jed Brown and Peter Brune
                      and Kris Buschelman and Victor Eijkhout and William~D. Gropp
                      and Dinesh Kaushik and Matthew~G. Knepley
                      and Lois Curfman McInnes and Karl Rupp and Barry~F. Smith
                      and Hong Zhang},
            title  = {{PETS}c Users Manual},
            institution = {Argonne National Laboratory},
            year   = 2013,
            number = {ANL-95/11 - Revision 3.4},
            url    = {http://www.mcs.anl.gov/petsc}
          }

          @InProceedings{petsc-efficient,
            Author = "Satish Balay and William D. Gropp and Lois Curfman McInnes and Barry F.  Smith",
            Title = "Efficient Management of Parallelism in Object Oriented Numerical Software Libraries",
            Booktitle = "Modern Software Tools in Scientific Computing",
            Editor = "E. Arge and A. M. Bruaset and H. P. Langtangen",
            Pages = "163--202",
            Publisher = "Birkh{\"{a}}user Press",
            Year = "1997"
          }

@techreport{Trilinos,
title = "{An Overview of Trilinos}",
author = "Michael Heroux and Roscoe Bartlett and Vicki Howle Robert Hoekstra and Jonathan Hu and Tamara Kolda and Richard Lehoucq and Kevin Long and Roger Pawlowski and Eric Phipps and Andrew Salinger and Heidi Thornquist and Ray Tuminaro and James Willenbring and Alan Williams ",
institution = "Sandia National Laboratories",
number = "SAND2003-2927",
year = 2003}

@phdthesis{Kirk2007,
  author = {B.~S.~Kirk},
  school = {ASE-EM dept., The University of Texas at Austin},
  title = {{Adaptive Finite Element Simulation of Flow and Transport Applications on Parallel Computers}},
  note = {\url{http://www.cfdlab.ae.utexas.edu/~benkirk/dissertation.pdf}},
  month = may,
  year = {2007}
}

@article{libMesh,
  author = {B.~S.~Kirk and J.~W.~Peterson and R.~H.~Stogner and G.~F.~Carey},
  title = {{\texttt{libMesh}: A C++ Library for Parallel Adaptive Mesh
              Refinement/Coarsening Simulations}},
  journal = {Engineering with Computers},
  volume = {22},
  number = {3--4},
  pages = {237--254},
  year = {2006},
  note = {\url{http://dx.doi.org/10.1007/s00366-006-0049-3}}
}

@Misc{grins,
  author = {{Georgia Tech Research Corporation}},
  title  = {{POWER GENERATION USING SOLAR-HEATED GROUND AIR},
  year  = {2013},
  howpublished = {\url{http://arpa-e.energy.gov/?q=arpa-e-projects/power-generation-using-solar-heated-ground-air}}
}}

@article{Mullen1977181,
title = "A laboratory model of dust devil vortices ",
journal = "Dynamics of Atmospheres and Oceans ",
volume = "1",
number = "3",
pages = "181 - 214",
year = "1977",
note = "",
issn = "0377-0265",
doi = "http://dx.doi.org/10.1016/0377-0265(77)90006-9",
url = "http://www.sciencedirect.com/science/article/pii/0377026577900069",
author = "John B. Mullen and Tony Maxworthy"
}

@article {smithleslie,
author = {Smith, R. K. and Leslie, L. M.},
title = {Thermally driven vortices: A numerical study with application to dust-devil dynamics},
journal = {Quarterly Journal of the Royal Meteorological Society},
volume = {102},
number = {434},
publisher = {John Wiley & Sons, Ltd},
issn = {1477-870X},
url = {http://dx.doi.org/10.1002/qj.49710243409},
doi = {10.1002/qj.49710243409},
pages = {791--804},
year = {1976},
}

@article {kanak,
author = {Kanak, Katharine M.},
title = {Numerical simulation of dust devil-scale vortices},
journal = {Quarterly Journal of the Royal Meteorological Society},
volume = {131},
number = {607},
publisher = {John Wiley & Sons, Ltd.},
issn = {1477-870X},
url = {http://dx.doi.org/10.1256/qj.03.172},
doi = {10.1256/qj.03.172},
pages = {1271--1292},
keywords = {Convective boundary layer, Large-eddy simulation},
year = {2005},
}