
%
% good general ref for atmosphere
%
@book{jacobson2005fundamentals,
  title={Fundamentals of Atmospheric Modeling},
  author={Jacobson, M.Z.},
  isbn={9780521548656},
  lccn={2004057382},
  url={https://books.google.com/books?id=96wWzoyKRMoC},
  year={2005},
  publisher={Cambridge University Press}
}
